<?xml version="1.0" encoding="UTF-8"?><collection><record><leader>07413ntm a2200565 a 4500</leader><controlfield tag="001">006782565</controlfield><controlfield tag="003">MiAaHDL</controlfield><controlfield tag="005">20190719000000.0</controlfield><controlfield tag="006">m        d        </controlfield><controlfield tag="007">cr bn ---auaua</controlfield><controlfield tag="008">090519m14uu16uuxx            00| ||ara d</controlfield><datafield tag="035" ind1=" " ind2=" "><subfield code="a">(MiU)006782565</subfield></datafield><datafield tag="035" ind1=" " ind2=" "><subfield code="a">sdr-miu006782565</subfield></datafield><datafield tag="040" ind1=" " ind2=" "><subfield code="a">MiU</subfield><subfield code="c">MiU</subfield><subfield code="e">amremm</subfield></datafield><datafield tag="043" ind1=" " ind2=" "><subfield code="a">n-us-mi</subfield></datafield><datafield tag="100" ind1="1" ind2=" "><subfield code="6">880-01</subfield><subfield code="a">Jurjānī, ʻAlī ibn Muḥammad,</subfield><subfield code="c">al-Sayyid al-Sharīf,</subfield><subfield code="d">1340-1413.</subfield></datafield><datafield tag="245" ind1="1" ind2="0"><subfield code="6">880-03</subfield><subfield code="a">Ḥāshiyat al-Sayyid al-Sharīf lill-Kashshāf,</subfield><subfield code="f">[15th century and 17th century?].</subfield></datafield><datafield tag="246" ind1="3" ind2=" "><subfield code="i">Title from inscription on front flyleaf (p.4):</subfield><subfield code="a">هذه حاشية على الكشاف</subfield></datafield><datafield tag="246" ind1="3" ind2=" "><subfield code="i">Edge title (tail):</subfield><subfield code="a">حاشية السيد على الكشاف</subfield></datafield><datafield tag="260" ind1=" " ind2=" "><subfield code="c">[14-- and 16--?].</subfield></datafield><datafield tag="300" ind1=" " ind2=" "><subfield code="a">166 leaves :</subfield><subfield code="b">paper ;</subfield><subfield code="c">180 x 144 (127-130 x 91-93) mm.</subfield></datafield><datafield tag="500" ind1=" " ind2=" "><subfield code="a">Shelfmark: Ann Arbor, University of Michigan, Special Collections Library, Isl. Ms. 459</subfield></datafield><datafield tag="500" ind1=" " ind2=" "><subfield code="a">Origin: Lacks dated colophon ; paper and hand of opening section (through p.226) suggest perhaps 15th century, with paper and hand of final section suggesting late 16th or perhaps early to mid 17th century.</subfield></datafield><datafield tag="500" ind1=" " ind2=" "><subfield code="a">Accompanying materials: a. Inventory cataloguing slip in hand of Winifred Smeaton Thomas (pp.1-2) -- b. Acquisitions slip from Yahuda (pp.3-4).</subfield></datafield><datafield tag="500" ind1=" " ind2=" "><subfield code="a">Former shelfmark: From interior of upper cover and spine label, "IL 85" (likely supplied by Yahuda, see acquisitions slip).</subfield></datafield><datafield tag="500" ind1=" " ind2=" "><subfield code="a">Binding: Pasteboards covered in now dull yellow paper with red leather over spine, traces of fore edge flap, and edges/turn-ins ; Type II binding (with flap, though now lost) ; board linings in untinted laid European paper (crossbow in circle watermark visible) ; sewn in cream and light pink thread, two stations ; worked chevron endbands in cream and beige, fair condition ; overall in somewhat poor condition with flap lost, lifting and losses of paper and leather, abrasion, staining, etc.</subfield></datafield><datafield tag="500" ind1=" " ind2=" "><subfield code="a">Support: Opening section on non-European (likely Arab) laid paper with 9 laid lines per cm. (vertical) and chain lines in groups of three with 9-11 mm. between chains and 38 mm. between groups (horizontal, see p.40), cloudy formation, dark cream in color (possibly a second type with 8 laid lines per cm. and chain lines in groups of three with 9 mm. between chains and 47 between groups, see p.90, 176, etc.) ; following section on European laid paper of at least two types ; type with 8-9 laid lines per cm. (vertical), chain lines spaced 30 mm. apart, anchor in circle with six pointed star above watermark (see p.230, 234, 235, etc., compare nos. 61, etc. in Velkov, Les Filigranes dans les documents Ottomans), sturdy and highly burnished to glossy ; another type with 10-11 laid lines per cm. (vertical), chain lines spaced 26-27 mm. apart (horizontal), three hats watermark (see p.261, 269, etc., compare nos.10 and 11 in Velkov), thin, crisp and transluscent, extremely well-burnished ; another type with 10 laid lines per cm. (vertical), chain lines spaced 22-34 mm. apart (horizontal), cross in an inverted tear drop watermark with "I M [?]" below (compare Heawood 964, etc.) ; some ink burn.</subfield></datafield><datafield tag="500" ind1=" " ind2=" "><subfield code="a">Decoration: Keywords rubricated (in latter 18th century section, pp.226-327).</subfield></datafield><datafield tag="500" ind1=" " ind2=" "><subfield code="a">Script: Naskh-nastaʻlīq and naskh ; three or more hands ; opening through p.226 mainly in a naskh with influence of nastaʻlīq, serifless with effect of tilt to the right, slight effect of words descending to baseline, elongation of horizontal strokes, pointing (where present, quite casual to scarce in some sections) in distinct dots, with a few other hands supplying an occasional passage (see p.8, p.28, p.36, pp.44-46, etc.) ; from p.227 to close, an elegant naskh, mainly serifless with effect of tilt to the left, curvilinear descenders (many dramatically majmūʻah), pointing in distinct or conjoined dots (with two dots typically arranged vertically, one above the other), freely ligatured.</subfield></datafield><datafield tag="500" ind1=" " ind2=" "><subfield code="a">Layout: Written in 19 lines per page.</subfield></datafield><datafield tag="500" ind1=" " ind2=" "><subfield code="a">Collation: ii, 11 V(110), IV+1 (119), IV (127), 2 V(147), IV (155), V (165), 1 (166) ; chiefly quinions ; catchwords present ; pagination in pencil, Western numerals, supplied during digitization (includes inserts and flyleaves, mistakenly repeats p.4 and p.6, and skips four pages between pp.261-262 and two pages each between pp.265-266 and pp.267-268).</subfield></datafield><datafield tag="500" ind1=" " ind2=" "><subfield code="a">Explicit: "وقد يقال في الاول ايضا نقل من المعنى الحقيقي الذي هو الحائط الا انه لوحظ اولا تم الكتاب بعون الله الوهاب"</subfield></datafield><datafield tag="500" ind1=" " ind2=" "><subfield code="a">Incipit: "قال الشيخ جار الله العلامة احسن الله اكرامه في دار المقامة الحمد لله الذي انزل القرآن كلاما مؤلفا منظما وصف الله سبحانه بعد الدلالة على انحصار جنس الحمد بانزال القرآن ..."</subfield></datafield><datafield tag="500" ind1=" " ind2=" "><subfield code="a">Title from inscription on 'title page' (p.7).</subfield></datafield><datafield tag="500" ind1=" " ind2=" "><subfield code="a">Ms. composite codex.</subfield></datafield><datafield tag="510" ind1="4" ind2=" "><subfield code="a">Velkov, Asparouh. Les Filigranes dans les documents Ottomans: divers types d’images. Sofia: Éditions "Texte - A. Trayanov", 2005.</subfield></datafield><datafield tag="510" ind1="4" ind2=" "><subfield code="a">Brockelmann, C. GAL,</subfield><subfield code="c">I 290 (I / no. 9) ; II 216-7 (no. 16)</subfield></datafield><datafield tag="520" ind1="8" ind2=" "><subfield code="a">Fine composite copy of al-Jurjānī’s commentary on the first part of al-Kashshāf, the celebrated Qurʼān commentary by Abū al-Qāsim Maḥmūd ibn ʻUmar al-Zamakhsharī, called Jār Allāh (d. 538/1144).</subfield></datafield><datafield tag="538" ind1=" " ind2=" "><subfield code="a">Mode of access: Internet.</subfield></datafield><datafield tag="541" ind1=" " ind2=" "><subfield code="a">Acquired in 1926 from the bookseller Isaac Benjamin S.E. Yahuda via purchase transacted on his behalf by Abraham Shalom Yahuda (1877-1951), his younger brother.</subfield></datafield><datafield tag="546" ind1=" " ind2=" "><subfield code="a">Arabic.</subfield></datafield><datafield tag="561" ind1=" " ind2=" "><subfield code="a">Ownership statement in name of Zakarīyā ibn Bayrām [?] ( زكريا بن بيرام ) on front flyleaf (p.4), statement reads "من كتب الفقير الى الغني العلام زكريا بن بيرام عفي عنه" ; waqf statements on front flyleaf (p.4) and 'title page' (p.7) also in name of this Zakarīyā ibn Bayrām [?], who endowed the book to his sons, their sons, their sons sons, and then to whomever is suitably competent in reading/studying, for his late brother Yaʻqūb ibn Bayarām [?] ( يعقوب بن بيرام ), statement on p.4 reads "وقفته لروح اخي يعقوب بن حاجي بيرام فمن بدله ... الفقير ... زكريا بن بيرام ..." and on p.7 reads "وقفته على اولادي ثم على اولاد اولادي ثم على اولاد اولاد اولادي ثم لمن يكفي اهلا لمطالعة كتبه زكريا بن بيرام عفي عنه" ; numerous glosses and marginal corrections.</subfield></datafield><datafield tag="600" ind1="1" ind2="0"><subfield code="a">Zamakhsharī, Maḥmūd ibn ʻUmar,</subfield><subfield code="d">1075-1144.</subfield><subfield code="t">Kashshāf.</subfield></datafield><datafield tag="630" ind1="0" ind2="0"><subfield code="a">Qurʼan</subfield><subfield code="v">Commentaries</subfield><subfield code="v">Early works to 1800.</subfield></datafield><datafield tag="650" ind1=" " ind2="0"><subfield code="a">Manuscripts, Arabic</subfield><subfield code="z">Michigan</subfield><subfield code="z">Ann Arbor.</subfield></datafield><datafield tag="700" ind1="0" ind2=" "><subfield code="6">880-05</subfield><subfield code="a">Zakarīyā ibn Bayrām,</subfield><subfield code="e">former owner.</subfield></datafield><datafield tag="773" ind1="0" ind2=" "><subfield code="a">Yahuda Collection.</subfield></datafield><datafield tag="880" ind1="0" ind2=" "><subfield code="6">700-05/</subfield><subfield code="a">زكريا بن بيرام,</subfield><subfield code="e">مالك سابق.</subfield></datafield><datafield tag="880" ind1="1" ind2="0"><subfield code="6">245-03/</subfield><subfield code="a">حاشية السيد الشريف للكشاف,</subfield><subfield code="f">[القرن 15م و القرن 17م؟].</subfield></datafield><datafield tag="880" ind1="1" ind2=" "><subfield code="6">100-01/</subfield><subfield code="a">جرجاني، علي بن محمد،</subfield><subfield code="c">السيد الشريف.</subfield></datafield><datafield tag="CID" ind1=" " ind2=" "><subfield code="a">006782565</subfield></datafield><datafield tag="DAT" ind1="0" ind2=" "><subfield code="a">20190719102635.0</subfield><subfield code="b">20190719000000.0</subfield></datafield><datafield tag="DAT" ind1="1" ind2=" "><subfield code="a">20190719090653.0</subfield><subfield code="b">2019-07-19T16:11:25Z</subfield></datafield><datafield tag="DAT" ind1="2" ind2=" "><subfield code="a">2015-10-10T18:00:06Z</subfield></datafield><datafield tag="CAT" ind1=" " ind2=" "><subfield code="a">SDR-MIU</subfield><subfield code="d">EX LIBRIS - ALEPH</subfield><subfield code="l">prepare.pl-004-008</subfield></datafield><datafield tag="FMT" ind1=" " ind2=" "><subfield code="a">BK</subfield></datafield><datafield tag="HOL" ind1=" " ind2=" "><subfield code="0">sdr-miu006782565</subfield><subfield code="a">MiU</subfield><subfield code="b">SDR</subfield><subfield code="c">MIU</subfield><subfield code="p">mdp.39015079126432</subfield><subfield code="s">MIU</subfield><subfield code="1">006782565</subfield></datafield><datafield tag="974" ind1=" " ind2=" "><subfield code="b">MIU</subfield><subfield code="c">MIU</subfield><subfield code="d">20190719</subfield><subfield code="s">lit-dlps-dc</subfield><subfield code="u">mdp.39015079126432</subfield><subfield code="y">1699</subfield><subfield code="r">pd</subfield><subfield code="q">bib</subfield><subfield code="t">non-US bib date2, date type m &lt; 1896</subfield></datafield></record></collection>